% Encoding: UTF-8

@Article{VanEkenstein1997,
  author    = {Van Ekenstein, G. O. R. A. and Deuring, H. and Ten Brinke, G. and Ellis, T. S.},
  title     = {Blends of caprolactam/caprolactone copolymers and chlorinated polymers},
  doi       = {10.1016/S0032-3861(96)00881-6},
  issn      = {0032-3861},
  note      = {The International Journal for the Science and Technology of Polymers},
  number    = {12},
  pages     = {3025--3034},
  volume    = {38},
  journal   = {Polymer},
  month     = jun,
  publisher = {Elsevier},
  year      = {1997},
}

@Book{Coleman1991,
  author    = {Coleman, Michael M. and Graf, John F. and Painter, Paul C.},
  title     = {Specific Interactions and the Miscibility of Polymer Blends},
  isbn      = {0877628238},
  pagetotal = {495},
  publisher = {Technomic},
  subtitle  = {Practical Guides for Predicting {\&} Designing Miscible Polymer Mixtures},
  address   = {Lancaster, PA, USA},
  year      = {1991},
}

@InCollection{Nriagu1988,
  author    = {Nriagu, Jerome O.},
  booktitle = {Chromium in the Natural and Human Environments},
  title     = {Historical Perspectives},
  chapter   = {1},
  editor    = {Nriagu, Jerome O. and Nieboer, Evert},
  isbn      = {0471856436},
  note      = {A Wiley-Interscience Publication},
  pages     = {1--19},
  publisher = {John Wiley {\&} Sons},
  series    = {Advances in Environmental Science and Technology},
  volume    = {20},
  address   = {New York, NY, USA},
  month     = mar,
  year      = {1988},
}

@InProceedings{Wizentier1992,
  author     = {Wizentier, S. E. and Boschi, A. O. and Vieira, J. M.},
  booktitle  = {Anais [\ldots].},
  title      = {Fabricação de membranas cerâmicas para microfiltração},
  eventdate  = {1992-12},
  eventtitle = {Congresso Brasileiro de Engenharia e Ciências dos Materiais},
  number     = {10},
  pages      = {230--238},
  venue      = {Águas de Lindóia, SP},
  year       = {1992},
}

@Misc{Fulano2008,
  author = {Fulano, P.},
  editor = {Beltrano, P.},
  title  = {Título do trabalho produzido pelo Fulano},
  year   = {2008},
}

@Misc{Larsson2018,
  author       = {Larsson, Alexander},
  editor       = {Cherepii, Svitozar},
  title        = {Dia's new homepage},
  howpublished = {The GNOME Project},
  url          = {http://wiki.gnome.org/Apps/Dia/},
  urldate      = {2020-12-05},
  month        = jan,
  year         = {2018},
}

@Misc{UTFPR2017,
  author       = {UTFPR},
  title        = {Mapa Paraná com todos os câmpus da UTFPR},
  howpublished = {Portal da Universidade Tecnológica Federal do Paraná (UTFPR)},
  note         = {Comunicação/Design},
  url          = {http://www.utfpr.edu.br/comunicacao/design/mapa-parana-com-todos-os-campus-da-utfpr},
  urldate      = {2020-12-05},
  address      = {Curitiba, PR},
  year         = {2017},
}

@PhdThesis{Faina2000,
  author    = {Faina, Luis Fernando},
  title     = {Uma arquitetura para suporte a ubiquidade dos serviços de telecomunicações baseada na arquitetura TINA e em agentes moveis},
  pagetotal = {175},
  type      = {Tese (Doutorado em Engenharia Elétrica)},
  url       = {http://repositorio.unicamp.br/jspui/handle/REPOSIP/260519},
  urldate   = {2020-12-05},
  address   = {Campinas, SP},
  eventdate = {2000-12},
  school    = {Faculdade de Engenharia Elétrica e de Computação, Universidade Estadual de Campinas},
  year      = {2000},
}

@Comment{jabref-meta: databaseType:biblatex;}
